@manual{SRS,
author = {Fernando Suarez Groen and Tim Witters and Youri Coppens},
title = {CalZone: Software Requirements Specification},
version = {1.0},
year = {2013}
}
@online{mvc,
author = {Onbekende auteurs},
title = {Model–view–controller},
year = {2013},
url = {https://en.wikipedia.org/wiki/Model–view–controller},
}
@online{spring,
author = {Pivotal Software},
title = {Spring},
year = {2013},
url = {http://spring.io/}
}
@manual{spring-mvc,
author = {Rod Johnson and Juergen Hoeller and Keith Donald and Colin Sampaleanu and Rob Harrop and Thomas Risberg and Alef Arendsen and Darren Davison and Dmitriy Kopylenko and Mark Pollack and Thierry Templier and Erwin Vervaet and Portia Tung and Ben Hale and Adrian Colyer and John Lewis and Costin Leau and Mark Fisher and Sam Brannen and Ramnivas Laddad and Arjen Poutsma and Chris Beams and Tareq Abedrabbo and Andy Clement and Dave Syer and Oliver Gierke and Rossen Stoyanchev and Phillip Webb and Rob Winch and Brian Clozel},
title = {Spring Framework Reference Documentation},
year = {2013},
version = {4.0.2.RELEASE},
url = {http://docs.spring.io/spring/docs/4.0.2.RELEASE/spring-framework-reference/htmlsingle/}
}
@manual{Maven,
author = {The Apache Software Foundation},
title = {Apache Maven 3.x},
year = {2013},
version = {3.1.1},
url = {https://maven.apache.org/ref/3.1.1/}
}
@manual{Tomcat,
author = {The Apache Software Foundation},
title = {Apache Tomcat 7 Documentation},
year = {2013},
version = {7.047},
url = {https://tomcat.apache.org/tomcat-7.0-doc/index.html}
}
@manual{spring-security,
author = {Ben Alex and Luke Taylor and Rob Winch},
title = {Spring Security Reference Documentation},
year = {2013},
version = {3.2.2.RELEASE},
url = {http://docs.spring.io/spring-security/site/docs/3.2.2.RELEASE/reference/htmlsingle/}
}
@manual{optaplanner,
author = {The OptaPlanner Team},
title = {OptaPlanner User Guide},
year = {2013},
version = {6.0.1.Final},
url = {https://docs.jboss.org/drools/release/6.0.1.Final/optaplanner-docs/html_single/index.html}
}
@manual{drools,
author = {The JBoss Drools team},
title = {Drools Documentation},
year = {2013},
version = {6.0.1.Final},
url = {https://docs.jboss.org/drools/release/6.0.1.Final/drools-docs/html_single/index.html}
}
@manual{hibernate,
author = {The Hibernate Team and The JBoss Visual Design Team},
title = {Hibernate Reference Documentation},
year = {2014},
version = {4.3.5.Final},
url = {https://docs.jboss.org/hibernate/orm/4.3/manual/en-US/html/}
}
@manual{logback,
author = {Ceki G\"{u}lc\"{u}, S\'{e}bastien Pennec, Carl Harris },
title = {The logback manual},
year = {2013},
version = {1.1.2},
url = {http://logback.qos.ch/manual/index.html}
}
@manual{slf4j,
author = {Ceki G\"{u}lc\"{u}},
title = {SLF4J user manual},
year = {2013},
version = {1.7.6},
url = {http://www.slf4j.org/manual.html}
}

