@manual{SRS,
author = {Fernando Suarez Groen and Tim Witters and Youri Coppens},
title = {CalZone: Software Requirements Specification},
version = {1.0},
year = {2013}
}
@online{mvc,
author = {Onbekende auteurs},
title = {Model–view–controller},
year = {2013},
url = {https://en.wikipedia.org/wiki/Model–view–controller},
}
@online{spring,
author = {Pivotal Software},
title = {Spring},
year = {2013},
url = {http://spring.io/}
}
@manual{spring-mvc,
author = {Rod Johnson and Juergen Hoeller and Keith Donald and Colin Sampaleanu and Rob Harrop and Thomas Risberg and Alef Arendsen and Darren Davison and Dmitriy Kopylenko and Mark Pollack and Thierry Templier and Erwin Vervaet and Portia Tung and Ben Hale and Adrian Colyer and John Lewis and Costin Leau and Mark Fisher and Sam Brannen and Ramnivas Laddad and Arjen Poutsma and Chris Beams and Tareq Abedrabbo and Andy Clement and Dave Syer and Oliver Gierke and Rossen Stoyanchev and Phillip Webb},
title = {Spring Framework Reference Documentation},
year = {2013},
version = {3.2.5},
url = {http://docs.spring.io/spring/docs/3.2.5.RELEASE/spring-framework-reference/htmlsingle/}
}
@manual{Maven,
author = {The Apache Software Foundation},
title = {Apache Maven 3.x},
year = {2013},
version = {3.1.1},
url = {https://maven.apache.org/ref/3.1.1/}
}
@manual{Tomcat,
author = {The Apache Software Foundation},
title = {Apache Tomcat 7 Documentation},
year = {2013},
version = {7.047},
url = {https://tomcat.apache.org/tomcat-7.0-doc/index.html}
}