@manual{SRS,
author = {Fernando Suarez Groen and Tim Witters and Youri Coppens},
title = {Software Requirements Specification},
year = {2013}
}
@manual{Tomcat,
author = {The Apache Software Foundation},
title = {Apache Tomcat 7 Documenatation},
year = {2013},
OPTsubtitle = {Version 7.047},
OPTurl = {https://tomcat.apache.org/tomcat-7.0-doc/index.html}
}

